@online{ZendFramework-Website-About,
	title = {{Zend Framework 2 Overview}},
	howpublished = "\url{http://framework.zend.com/about/}",
	year = {2016}, 
	note = "[Online; accessed 13-April-2016]"
}

@online{ZendFramework-Security-Model,
	author = {Yousra Faisal Gad Mahgoup Elhakeem and Bazara I. A. Barry 
},
	title = {Developing a Security Model to Protect Websites
	from Cross-site Scripting Attacks Using Zend
	Framework Application},
	year = 2013,
	howpublished = "\url{http://0-ieeexplore.ieee.org.library.gmit.ie/stamp/stamp.jsp?tp=&arnumber=6634012&tag=1}",
	note = "[Online; accessed 13-April-2016]"
}

@online{MVC_Architecture_for_Developing_Service-based_Mobile_Applications,
	author = {Hyun Jung La and Soo Dong Kim},
	title = {Balanced MVC Architecture for Developing
	Service-based Mobile Applications},
	year = 2013,
	howpublished = "\url{http://0-ieeexplore.ieee.org.library.gmit.ie/stamp/stamp.jsp?tp=&arnumber=6634012&tag=1}",
	note = "[Online; accessed 13-April-2016]"
}

@online{MySQL_Top10_Reasons,
	author = {Oracle Corporation},
	title = {Top Reasons to Use MySQL},
	year = 2016,
	howpublished = "\url{https://www.mysql.com/why-mysql/topreasons.html}",
	note = "[Online; accessed 13-April-2016]"
}

@online{Composer_doc,
	author = {Nils Adermann and Jordi Boggiano},
	title = {Composer Documentation},
	year = 2016,
	howpublished = "\url{https://getcomposer.org/doc/}",
	note = "[Online; accessed 13-April-2016]"	
}

@online{JSON_REST_interface,
		author = {Roy Thomas Fielding},
		title = {Representational State Transfer (REST)},
		year = 2000,
		howpublished = "\url{http://www.ics.uci.edu/~fielding/pubs/dissertation/rest_arch_style.htm}",
		note = "[Online; accessed 13-April-2016]"
	}

@online{PDF_Make_module,	
		howpublished = "\url{http://pdfmake.org/index.html#/gettingstarted}",
		note = "[Online; accessed 16-April-2016]"
	}

@online{WAMPserver,	
		howpublished = "\url{http://www.wampserver.com/en/}",
		note = "[Online; accessed 16-April-2016]"
	}

@online{DOM_PDF_module,	
		howpublished = "\url{https://github.com/raykolbe/DOMPDFModule}",
		note = "[Online; accessed 16-April-2016]"
	}

@online{QR_code_generator,	
		howpublished = "\url{https://packagist.org/packages/adminweb/qrcode-zf2-module}",
		note = "[Online; accessed 16-April-2016]"
	}

@online{QR_code_google,
		howpublished = "\url{https://developers.google.com/chart/infographics/docs/qr_codes#overview}",
		note = "[Online; accessed 16-April-2016]"
	}

@online{Website_authentication,	
		howpublished = "\url{https://github.com/arvind2110/ZF2-Auth-ACL}",
		note = "[Online; accessed 16-April-2016]"
	}	







@article{einstein,
    author =       "Albert Einstein",
    title =        "{Zur Elektrodynamik bewegter K{\"o}rper}. ({German})
        [{On} the electrodynamics of moving bodies]",
    journal =      "Annalen der Physik",
    volume =       "322",
    number =       "10",
    pages =        "891--921",
    year =         "1905",
    DOI =          "http://dx.doi.org/10.1002/andp.19053221004"
}
 
@book{latexcompanion,
    author    = "Michel Goossens and Frank Mittelbach and Alexander Samarin",
    title     = "The \LaTeX\ Companion",
    year      = "1993",
    publisher = "Addison-Wesley",
    address   = "Reading, Massachusetts"
}
 
@misc{knuthwebsite,
    author    = "Donald Knuth",
    title     = "Knuth: Computers and Typesetting",
    url       = "http://www-cs-faculty.stanford.edu/\~{}uno/abcde.html"
}

@misc{zendframeworkwebsite,
	author	= "",
	title	= "",
	url		= "http://framework.zend.com/about/"
}

@misc{website:fermentas-lambda,
	author = "Fermentas Inc.",
	title = "Phage Lambda: description \& restriction map",
	month = "November",
	year = "2008",
	url = "http://www.fermentas.com/techinfo/nucleicacids/maplambda.htm"
}

@online{WinNT,
	author = {MultiMedia LLC},
	title = {{MS Windows NT} Kernel Description},
	year = 1999,
	url = {http://web.archive.org/web/20080207010024/http://www.808multimedia.com/winnt/kernel.htm},
	urldate = {2010-09-30}
}

@manual{Senn:2009,
	title  = "Using {\LaTeX} for Your Thesis",
	author = "Mark Senn",
	url    = "http://engineering.purdue.edu/~mark/puthesis",
	year   = "2009 (accessed February 3, 2014)"
}

@misc{bworld,
	author = {Ingo LÃ¼tkebohle},
	title = {{BWorld Robot Control Software}},
	howpublished = "\url{http://aiweb.techfak.uni-bielefeld.de/content/bworld-robot-control-software/}",
	year = {2008}, 
	note = "[Online; accessed 19-July-2008]"
}